<?xml version="1.0" encoding="UTF-8"?><collection xmlns="http://www.loc.gov/MARC21/slim"><record><leader>00372nam--2200133-i-4500</leader><controlfield tag="001">000024647</controlfield><controlfield tag="002">20161230</controlfield><controlfield tag="005">20161230201035</controlfield><controlfield tag="008">060222s1000------------r-----000-0-eng-d</controlfield><datafield ind1=" " ind2=" " tag="080"><subfield code="a">621.375.826(047.3)</subfield></datafield><datafield ind1=" " ind2=" " tag="245"><subfield code="a">Ile quarterly progress report: nr. 3: july  1983-june 1983</subfield></datafield><datafield ind1=" " ind2=" " tag="260"><subfield code="a">Osaka, Instiute Of Laser Engineering, 1983</subfield></datafield><datafield ind1=" " ind2=" " tag="490"><subfield code="a">Progress Report</subfield></datafield><datafield ind1=" " ind2=" " tag="852"><subfield code="a">72231</subfield></datafield></record></collection>